%% This BibTeX bibliography file was created using BibDesk.
%% https://bibdesk.sourceforge.io/

%% Created for fengzimou at 2018-07-29 22:28:13 +0100 


%% Saved with string encoding Unicode (UTF-8) 



@article{ganta2008review,
	Author = {Ganta, Srinivas and Devalapally, Harikrishna and Shahiwala, Aliasgar and Amiji, Mansoor},
	Date-Added = {2018-07-29 22:27:37 +0100},
	Date-Modified = {2018-07-29 22:27:37 +0100},
	Journal = {Journal of controlled release},
	Number = {3},
	Pages = {187--204},
	Publisher = {Elsevier},
	Title = {A review of stimuli-responsive nanocarriers for drug and gene delivery},
	Volume = {126},
	Year = {2008}}

@article{bae2011targeted,
	Author = {Bae, You Han and Park, Kinam},
	Date-Added = {2018-07-29 22:27:11 +0100},
	Date-Modified = {2018-07-29 22:27:11 +0100},
	Journal = {Journal of controlled release},
	Number = {3},
	Pages = {198},
	Publisher = {NIH Public Access},
	Title = {Targeted drug delivery to tumors: myths, reality and possibility},
	Volume = {153},
	Year = {2011}}

@article{guo2014nanoparticles,
	Author = {Guo, Shutao and Huang, Leaf},
	Date-Added = {2018-07-29 22:26:36 +0100},
	Date-Modified = {2018-07-29 22:26:36 +0100},
	Journal = {Biotechnology advances},
	Number = {4},
	Pages = {778--788},
	Publisher = {Elsevier},
	Title = {Nanoparticles containing insoluble drug for cancer therapy},
	Volume = {32},
	Year = {2014}}

@article{chauhan2013strategies,
	Author = {Chauhan, Vikash P and Jain, Rakesh K},
	Date-Added = {2018-07-29 22:25:33 +0100},
	Date-Modified = {2018-07-29 22:25:33 +0100},
	Journal = {Nature materials},
	Number = {11},
	Pages = {958},
	Publisher = {Nature Publishing Group},
	Title = {Strategies for advancing cancer nanomedicine},
	Volume = {12},
	Year = {2013}}

@article{hubbell2012nanomaterials,
	Author = {Hubbell, Jeffrey A and Chilkoti, Ashutosh},
	Date-Added = {2018-07-29 22:24:41 +0100},
	Date-Modified = {2018-07-29 22:24:41 +0100},
	Journal = {Science},
	Number = {6092},
	Pages = {303--305},
	Publisher = {American Association for the Advancement of Science},
	Title = {Nanomaterials for drug delivery},
	Volume = {337},
	Year = {2012}}

@article{cho2008therapeutic,
	Author = {Cho, Kwangjae and Wang, XU and Nie, Shuming and Shin, Dong M and others},
	Date-Added = {2018-07-29 22:24:11 +0100},
	Date-Modified = {2018-07-29 22:24:11 +0100},
	Journal = {Clinical cancer research},
	Number = {5},
	Pages = {1310--1316},
	Publisher = {AACR},
	Title = {Therapeutic nanoparticles for drug delivery in cancer},
	Volume = {14},
	Year = {2008}}

@article{micha2006abraxane,
	Author = {Micha, John P and Goldstein, Bram H and Birk, Connie L and Rettenmaier, Mark A and Brown III, John V},
	Date-Added = {2018-07-29 22:23:34 +0100},
	Date-Modified = {2018-07-29 22:23:34 +0100},
	Journal = {Gynecologic oncology},
	Number = {2},
	Pages = {437--438},
	Publisher = {Elsevier},
	Title = {Abraxane in the treatment of ovarian cancer: the absence of hypersensitivity reactions},
	Volume = {100},
	Year = {2006}}

@incollection{priestman2008some,
	Author = {Priestman, Terry},
	Booktitle = {Cancer Chemotherapy in Clinical Practice},
	Date-Added = {2018-07-29 22:22:52 +0100},
	Date-Modified = {2018-07-29 22:22:52 +0100},
	Pages = {35--77},
	Publisher = {Springer},
	Title = {Some Practical Aspects of Cancer Chemotherapy},
	Year = {2008}}

@article{wicki2015nanomedicine,
	Author = {Wicki, Andreas and Witzigmann, Dominik and Balasubramanian, Vimalkumar and Huwyler, J{\"o}rg},
	Date-Added = {2018-07-29 22:22:12 +0100},
	Date-Modified = {2018-07-29 22:22:12 +0100},
	Journal = {Journal of controlled release},
	Pages = {138--157},
	Publisher = {Elsevier},
	Title = {Nanomedicine in cancer therapy: challenges, opportunities, and clinical applications},
	Volume = {200},
	Year = {2015}}

@article{parhi2012nanotechnology,
	Author = {Parhi, Priyambada and Mohanty, Chandana and Sahoo, Sanjeeb Kumar},
	Date-Added = {2018-07-29 22:21:38 +0100},
	Date-Modified = {2018-07-29 22:21:38 +0100},
	Journal = {Drug discovery today},
	Number = {17-18},
	Pages = {1044--1052},
	Publisher = {Elsevier},
	Title = {Nanotechnology-based combinational drug delivery: an emerging approach for cancer therapy},
	Volume = {17},
	Year = {2012}}

@article{peer2007nanocarriers,
	Author = {Peer, Dan and Karp, Jeffrey M and Hong, Seungpyo and Farokhzad, Omid C and Margalit, Rimona and Langer, Robert},
	Date-Added = {2018-07-29 22:20:27 +0100},
	Date-Modified = {2018-07-29 22:20:27 +0100},
	Journal = {Nature nanotechnology},
	Number = {12},
	Pages = {751},
	Publisher = {Nature Publishing Group},
	Title = {Nanocarriers as an emerging platform for cancer therapy},
	Volume = {2},
	Year = {2007}}

@article{gao2017highly,
	Author = {Gao, Shan and Gu, Bingchuan and Jiao, Xingchen and Sun, Yongfu and Zu, Xiaolong and Yang, Fan and Zhu, Wenguang and Wang, Chengming and Feng, Zimou and Ye, Bangjiao and others},
	Date-Added = {2018-07-29 18:42:19 +0100},
	Date-Modified = {2018-07-29 18:42:19 +0100},
	Journal = {Journal of the American Chemical Society},
	Number = {9},
	Pages = {3438--3445},
	Publisher = {ACS Publications},
	Title = {Highly efficient and exceptionally durable CO2 photoreduction to methanol over freestanding defective single-unit-cell bismuth vanadate layers},
	Volume = {139},
	Year = {2017}}

@article{torre2015global,
	Author = {Torre, Lindsey A and Bray, Freddie and Siegel, Rebecca L and Ferlay, Jacques and Lortet-Tieulent, Joannie and Jemal, Ahmedin},
	Date-Added = {2018-07-28 20:43:14 +0100},
	Date-Modified = {2018-07-28 20:43:14 +0100},
	Journal = {CA: a cancer journal for clinicians},
	Number = {2},
	Pages = {87--108},
	Publisher = {Wiley Online Library},
	Title = {Global cancer statistics, 2012},
	Volume = {65},
	Year = {2015}}
